<?xml version="1.0" encoding="UTF-8"?><record xmlns="http://www.loc.gov/MARC21/slim" xmlns:cinclude="http://apache.org/cocoon/include/1.0" xmlns:zs="http://www.loc.gov/zing/srw/">
  <leader>00649cz  a2200181n  4500</leader>
  <controlfield tag="001">n  89112357 </controlfield>
  <controlfield tag="003">DLC</controlfield>
  <controlfield tag="005">19910917144837.6</controlfield>
  <controlfield tag="008">910718n| acannaab|          |a aaa |||  </controlfield>
  <datafield tag="010" ind1=" " ind2=" ">
    <subfield code="a">n  89112357 </subfield>
  </datafield>
  <datafield tag="040" ind1=" " ind2=" ">
    <subfield code="a">DLC</subfield>
    <subfield code="c">DLC</subfield>
    <subfield code="d">DLC</subfield>
  </datafield>
  <datafield tag="100" ind1="1" ind2="0">
    <subfield code="a">Ghosha, Debakumāra,</subfield>
    <subfield code="d">1955-</subfield>
  </datafield>
  <datafield tag="400" ind1="0" ind2="0">
    <subfield code="a">Debakumāra Ghosha,</subfield>
    <subfield code="d">1955-</subfield>
  </datafield>
  <datafield tag="400" ind1="1" ind2="0">
    <subfield code="a">Ghosh, Debkumar,</subfield>
    <subfield code="d">1955-</subfield>
  </datafield>
  <datafield tag="400" ind1="0" ind2="0">
    <subfield code="a">Debkumar Ghosh,</subfield>
    <subfield code="d">1955-</subfield>
  </datafield>
  <datafield tag="667" ind1=" " ind2=" ">
    <subfield code="a">Not same as Ghosha, Deba Kumāra.</subfield>
  </datafield>
  <datafield tag="670" ind1=" " ind2=" ">
    <subfield code="a">Ādhunika Bāṃlā kabitā pāṭha prasaṅga, 1989:</subfield>
    <subfield code="b">t.p. (Debakumāra Ghosha) t.p. verso (Debkumar Ghosh)</subfield>
  </datafield>
  <datafield tag="670" ind1=" " ind2=" ">
    <subfield code="a">Ltr. fr. auth., 7/9/90</subfield>
    <subfield code="b">(Debakumāra Ghosha; Ghosh, Debkumar; 3/29/1955)</subfield>
  </datafield>
</record>